@article{laird1982random,
  title={Random-effects models for longitudinal data},
  author={Laird, Nan M and Ware, James H and others},
  journal={Biometrics},
  volume={38},
  number={4},
  pages={963--974},
  year={1982}
}

@article{liang1986longitudinal,
  title={Longitudinal data analysis using generalized linear models},
  author={Liang, Kung-Yee and Zeger, Scott L},
  journal={Biometrika},
  volume={73},
  number={1},
  pages={13--22},
  year={1986},
  publisher={Oxford University Press}
}

@article{kaplan2013,
  title={It's the market: The broad-based rise in the return to top talent},
  author={Kaplan, S. N., & Rauh, J. },
  journal={Journal of Economic Perspectives},
  volume={27},
  number={3},
  pages={35-56},
  year={2013},
  publisher={}
}

@article{katz1999,
  title={Changes in the wage structure and earnings inequality},
  author={Katz, L. F. },
  journal={Handbook of Labor Economics},
  volume={3},
  number={},
  pages={1463-1555},
  year={1999},
  publisher={}
}

@article{autor2010,
  title={The Contribution of the minimum wage to U.S. Wage inequality over three decades: A reassessment},
  author={Autor, D., Manning, A. & Smith, C. L.},
  journal={American Economic Journal: Applied Economics},
  volume={8},
  number={1},
  pages={58-99},
  year={2016},
  publisher={}
}


@article{gordon2008,
  title={Controversies about the rise of American inequality: A survey},
  author={Gordon, R. J., & Dew-Becker, I.},
  journal={},
  volume={w13982},
  number={},
  pages={},
  year={2008},
  publisher={National Bureau of Economic Research}
}

@article{diprete2005,
  title={Labor markets, inequality, and change: A European perspective},
  author={DiPrete, T. A.},
  journal={Work and Occupations},
  volume={32},
  number={2},
  pages={119-139},
  year={2008},
  publisher={National Bureau of Economic Research}
}

@article{rodriguez2009,
  title={Education and income inequality in the regions of the European Union},
  author={Rodríguez‐Pose, A., & Tselios, V.},
  journal={Journal of Regional Science},
  volume={49},
  number={3},
  pages={411-437},
  year={2009},
  publisher={}
}

@article{goos2007,
  title={Lousy and lovely jobs: the rising polarization of work in Britain},
  author={Goos, M. & Manning, A.},
  journal={Review of Economics and Statistics},
  volume={89},
  number={1},
  pages={118-33},
  year={2007},
  publisher={}
}

@article{pagani2005,
  title={Regional wage differentials and collective bargaining in Italy},
  author={Dell'Aringa, C., & Pagani, L.},
  journal={Rivista Internazionale di Scienze Sociali},
  volume={},
  number={},
  pages={267-287},
  year={2005},
  publisher={}
}

@article{budria2005,
  title={Educational qualifications and wage inequality: evidence for Europe.},
  author={Budría, S., & Pereira, P. T.},
  journal={},
  volume={},
  number={},
  pages={},
  year={2005},
  publisher={}
}

Budría, S., & Pereira, P. T. (2005). Educational qualifications and wage inequality: evidence for Europe.


